<record><leader>00000cas a22000007a 4500</leader><controlfield tag="001">26876964</controlfield><controlfield tag="008">921028d18771880scuwr ne      0    0eng d</controlfield><datafield ind1=" " ind2=" " tag="010"><subfield code="a">sn 92065673 </subfield></datafield><datafield ind1=" " ind2=" " tag="040"><subfield code="a">SVN</subfield><subfield code="b">eng</subfield><subfield code="c">SVN</subfield><subfield code="d">OCLCQ</subfield></datafield><datafield ind1=" " ind2=" " tag="042"><subfield code="a">msc</subfield></datafield><datafield ind1="0" ind2=" " tag="130"><subfield code="a">Aiken courier-journal (Aiken, S.C.)</subfield></datafield><datafield ind1="1" ind2="0" tag="245"><subfield code="a">Aiken courier-journal.</subfield></datafield><datafield ind1=" " ind2=" " tag="260"><subfield code="a">Aiken, S.C. :</subfield><subfield code="b">John McCray</subfield></datafield><datafield ind1=" " ind2=" " tag="300"><subfield code="a">v.</subfield></datafield><datafield ind1=" " ind2=" " tag="310"><subfield code="a">Weekly</subfield></datafield><datafield ind1="1" ind2=" " tag="362"><subfield code="a">Began in 1877; ceased in 1880?</subfield><subfield code="z">Moore, South Carolina newspapers.</subfield></datafield><datafield ind1=" " ind2="4" tag="651"><subfield code="a">Aiken County (S.C.)</subfield><subfield code="v">Newspapers.</subfield></datafield><datafield ind1=" " ind2=" " tag="752"><subfield code="a">United States</subfield><subfield code="b">South Carolina</subfield><subfield code="c">Aiken</subfield><subfield code="d">Aiken.</subfield></datafield><datafield ind1="0" ind2="0" tag="780"><subfield code="t">Courier-journal (Aiken, S.C.)</subfield><subfield code="w">(DLC)sn 84026960</subfield></datafield><datafield ind1="0" ind2="7" tag="785"><subfield code="t">Aiken review (Aiken, S.C.)</subfield></datafield><datafield ind1="0" ind2="7" tag="785"><subfield code="t">Journal and review (Aiken, S.C.)</subfield><subfield code="w">(DLC)sn 84026963</subfield></datafield><datafield ind1="1" ind2=" " tag="029"><subfield code="a">AU@</subfield><subfield code="b">000020750694</subfield></datafield></record>